<record xmlns="http://www.loc.gov/MARC21/slim" xmlns:xsi="http://www.w3.org/2001/XMLSchema-instance" xsi:schemaLocation="http://www.loc.gov/MARC21/slim http://www.loc.gov/standards/marcxml/schema/MARC21slim.xsd"><leader>00037nz   2200037n  4500</leader><controlfield tag="001">DNB|102378673</controlfield><controlfield tag="003">DNB</controlfield><controlfield tag="005">19960808163903.0</controlfield><controlfield tag="008">930416|||az|nnaa|||||||||||| a|aaa|||| d</controlfield><datafield ind1="7" ind2=" " tag="016"><subfield code="a">102378673</subfield><subfield code="2">GyFmDB</subfield></datafield><datafield ind1=" " ind2=" " tag="040"><subfield code="a">0000</subfield><subfield code="b">ger</subfield><subfield code="d">9999</subfield><subfield code="f">RAK-PND</subfield></datafield><datafield ind1="1" ind2=" " tag="045"><subfield code="b">dum 355 n. Chr.</subfield></datafield><datafield ind1="1" ind2=" " tag="100"><subfield code="a">Alcimus Alethius, Latinus</subfield><subfield code="d">um 355 n. Chr.</subfield></datafield><datafield ind1="1" ind2=" " tag="400"><subfield code="a">Alcimus, Latinus</subfield><subfield code="d">um 355 n. Chr.</subfield></datafield><datafield ind1="0" ind2=" " tag="400"><subfield code="a">Alcimus,</subfield><subfield code="c">Alethius</subfield><subfield code="d">um 355 n. Chr.</subfield></datafield><datafield ind1="0" ind2=" " tag="400"><subfield code="a">Alcimus,</subfield><subfield code="c">Rhetor</subfield><subfield code="d">um 355 n. Chr.</subfield></datafield><datafield ind1="0" ind2=" " tag="400"><subfield code="a">Alcimus,</subfield><subfield code="c">von Aquitanien</subfield><subfield code="d">um 355 n. Chr.</subfield></datafield><datafield ind1="0" ind2=" " tag="400"><subfield code="a">Alcimus,</subfield><subfield code="c">Lehrer des Julian</subfield><subfield code="d">um 355 n. Chr.</subfield></datafield><datafield ind1="1" ind2=" " tag="400"><subfield code="a">Alethius, Latinus Alcimus</subfield><subfield code="d">um 355 n. Chr.</subfield></datafield><datafield ind1=" " ind2=" " tag="678"><subfield code="a">AL 115-117,192</subfield></datafield></record>